@misc{subscriptionbm,
	title="Subscription business model - Wikipedia [Электронный ресурс]",
	howpublished="Режим доступа: \url{https://en.wikipedia.org/wiki/Subscription_business_model} (дата обращения: 28.05.2021)"
}

@misc{subscriptioncons,
	title="55\% of People Subscribe to More Than One of the “Big Three” Streaming Services [Электронный ресурс]",
	howpublished="Режим доступа: \url{https://www.cordcuttersnews.com/55-of-people-subscribe-to-more-than-one-of-the-big-three-streaming-services/} (дата обращения: 28.05.2021)"
}

@misc{audiostreaming,
	title="Global streaming music subscribers 2020 | Statista [Электронный ресурс]",
	howpublished="Режим доступа: \url{https://www.statista.com/statistics/669113/number-music-streaming-subscribers/} (дата обращения: 28.05.2021)"
}

@misc{videostreamingsearch,
	title="Global SVoD subscription search growth 2020 | Statista [Электронный ресурс]",
	howpublished="Режим доступа: \url{https://www.statista.com/statistics/253945/free-streaming-tv-market-leaders-in-the-us/} (дата обращения: 28.05.2021)"
}

@misc{subgrowth,
	title="Online media and dating services subscriptions since covid 19 by brand | Statista [Электронный ресурс]",
	howpublished="Режим доступа: \url{https://www.statista.com/statistics/1116270/subscription-to-online-media-and-dating-services-since-covid-19-by-brand/} (дата обращения: 28.05.2021)"
}

@misc{subforecast,
	title="Subscription Management in 2021 And Beyond | by SoftClouds [Электронный ресурс]",
	howpublished="Режим доступа: \url{https://softclouds.medium.com/subscription-management-in-2021-beyond-f823428cf4b4} (дата обращения: 28.05.2021)"
}

@misc{mrr,
	title="MRR -- что за зверь, и как его считать [Электронный ресурс]",
	howpublished="Режим доступа: \url{https://khanin.info/blog/106} (дата обращения: 28.05.2021)"
}

@misc{saas,
	title="Software as a service -- Wikipedia [Электронный ресурс]",
	howpublished="Режим доступа: \url{https://en.wikipedia.org/wiki/Software_as_a_service} (дата обращения: 01.06.2021)"
}

@misc{dbms,
	title="Database -- Wikipedia  [Электронный ресурс]",
	howpublished="Режим доступа: \url{https://en.wikipedia.org/wiki/Database} (дата обращения: 01.06.2021)"
}

@misc{oltp,
	title="Online transaction processing -- Wikipedia  [Электронный ресурс]",
	howpublished="Режим доступа: \url{https://en.wikipedia.org/wiki/Online_transaction_processing} (дата обращения: 01.06.2021)"
}

@misc{olap,
	title="Online analytical processing -- Wikipedia  [Электронный ресурс]",
	howpublished="Режим доступа: \url{https://en.wikipedia.org/wiki/Online_analytical_processing} (дата обращения: 01.06.2021)"
}

@misc{sql,
	title="SQL -- Wikipedia  [Электронный ресурс]",
	howpublished="Режим доступа: \url{https://en.wikipedia.org/wiki/SQL} (дата обращения: 01.06.2021)"
}

@misc{mongo,
	title="The most popular database for modern apps | MongoDB  [Электронный ресурс]",
	howpublished="Режим доступа: \url{https://www.mongodb.com/} (дата обращения: 01.06.2021)"
}

@misc{tarantool,
	title="Tarantool -- платформа in-memory вычислений [Электронный ресурс]",
	howpublished="Режим доступа: \url{https://www.tarantool.io/ru/} (дата обращения: 01.06.2021)"
}

@misc{redis,
	title="Redis [Электронный ресурс]",
	howpublished="Режим доступа: \url{https://redis.io/} (дата обращения: 01.06.2021)"
}

@misc{neo4j,
	title="Graph Database Platform | Graph Database Management System | Neo4j [Электронный ресурс]",
	howpublished="Режим доступа: \url{https://neo4j.com/} (дата обращения: 01.06.2021)"
}

@misc{couchbase,
	title="Couchbase: Best NoSQL Cloud Database Service [Электронный ресурс]",
	howpublished="Режим доступа: \url{https://www.couchbase.com/} (дата обращения: 01.06.2021)"
}

@misc{memcached,
	title="memcached - a distributed memory object caching system [Электронный ресурс]",
	howpublished="Режим доступа: \url{https://memcached.org/} (дата обращения: 01.06.2021)"
}

@misc{ACID,
	title="ACID -- Wikipedia [Электронный ресурс]",
	howpublished="Режим доступа: \url{https://en.wikipedia.org/wiki/ACID} (дата обращения: 01.06.2021)"
}

@misc{JSON,
	title="JSON -- Wikipedia [Электронный ресурс]",
	howpublished="Режим доступа: \url{https://en.wikipedia.org/wiki/JSON} (дата обращения: 01.06.2021)"
}

@misc{BSON,
	title="BSON -- Wikipedia [Электронный ресурс]",
	howpublished="Режим доступа: \url{https://en.wikipedia.org/wiki/BSON} (дата обращения: 01.06.2021)"
}

@misc{greenplum,
	title="Greenplum Database [Электронный ресурс]",
	howpublished="Режим доступа: \url{https://greenplum.org/} (дата обращения: 01.06.2021)"
}

@misc{postgres,
	title="PostgreSQL: The world's most advanced open source database [Электронный ресурс]",
	howpublished="Режим доступа: \url{https://www.postgresql.org/} (дата обращения: 01.06.2021)"
}

@misc{clickhouse,
	title="ClickHouse - fast open-source OLAP DBMS [Электронный ресурс]",
	howpublished="Режим доступа: \url{https://clickhouse.tech/} (дата обращения: 01.06.2021)"
}

@misc{chengines,
	title="Введение | Документация ClickHouse [Электронный ресурс]",
	howpublished="Режим доступа: \url{https://clickhouse.tech/docs/ru/engines/table-engines/} (дата обращения: 01.06.2021)"
}

@misc{chperf,
	title="Performance comparison of analytical DBMS [Электронный ресурс]",
	howpublished="Режим доступа: \url{https://clickhouse.tech/benchmark/dbms/} (дата обращения: 01.06.2021)"
}

@misc{pbsubbil,
	title="Pabbly Subscriptions - Subscription Billing And Management Software [Электронный ресурс]",
	howpublished="Режим доступа: \url{https://www.pabbly.com/subscriptions/} (дата обращения: 01.06.2021)"
}

@misc{saasmetrics,
	title="SaaS Metrics | MRR, LTV, CAC Metrics [Электронный ресурс]",
	howpublished="Режим доступа: \url{https://saasmetrics.co/} (дата обращения: 01.06.2021)"
}

@misc{chartmogul,
	title="ChartMogul | Subscription Analytics Platform [Электронный ресурс]",
	howpublished="Режим доступа: \url{https://chartmogul.com/} (дата обращения: 01.06.2021)"
}

@misc{databox,
	title="Business Analytics Platform And KPI Dashboards | Databox [Электронный ресурс]",
	howpublished="Режим доступа: \url{https://databox.com/} (дата обращения: 01.06.2021)"
}

@misc{baremetrics,
	title="Baremetrics: Subscription And Insights for Stripe, Braintree, Recurly And more! [Электронный ресурс]",
	howpublished="Режим доступа: \url{https://baremetrics.com/} (дата обращения: 01.06.2021)"
}

@misc{jwt,
	title="JSON Web Token -- Wikipedia [Электронный ресурс]",
	howpublished="Режим доступа: \url{https://en.wikipedia.org/wiki/JSON_Web_Token} (дата обращения: 01.06.2021)"
}

@misc{bcrypt,
	title="bcrypt -- Wikipedia [Электронный ресурс]",
	howpublished="Режим доступа: \url{https://en.wikipedia.org/wiki/Bcrypt} (дата обращения: 02.06.2021)"
}

@misc{tntengines,
	title="Движки базы данных | Tarantool [Электронный ресурс]",
	howpublished="Режим доступа: \url{https://www.tarantool.io/ru/doc/latest/book/box/engines/} (дата обращения: 02.06.2021)"
}

@misc{spa,
	title="Single-page application -- Wikipedia [Электронный ресурс]",
	howpublished="Режим доступа: \url{https://en.wikipedia.org/wiki/Single-page_application} (дата обращения: 02.06.2021)"
}

@misc{rpc,
	title="Remote procedure call -- Wikipedia [Электронный ресурс]",
	howpublished="Режим доступа: \url{https://en.wikipedia.org/wiki/Remote_procedure_call} (дата обращения: 02.06.2021)"
}

@misc{api,
	title="API -- Wikipedia [Электронный ресурс]",
	howpublished="Режим доступа: \url{https://en.wikipedia.org/wiki/API} (дата обращения: 02.06.2021)"
}

@misc{js,
	title="JavaScript -- Wikipedia [Электронный ресурс]",
	howpublished="Режим доступа: \url{https://en.wikipedia.org/wiki/JavaScript} (дата обращения: 02.06.2021)"
}

@misc{vue,
	title="Vue.js [Электронный ресурс]",
	howpublished="Режим доступа: \url{https://vuejs.org/} (дата обращения: 02.06.2021)"
}

@misc{vuex,
	title="What is Vuex? | Vuex [Электронный ресурс]",
	howpublished="Режим доступа: \url{https://vuex.vuejs.org/} (дата обращения: 02.06.2021)"
}

@misc{vuerouter,
	title="Vue Router [Электронный ресурс]",
	howpublished="Режим доступа: \url{https://router.vuejs.org/} (дата обращения: 02.06.2021)"
}

@misc{golang,
	title="The Go Programming Language [Электронный ресурс]",
	howpublished="Режим доступа: \url{https://golang.org/} (дата обращения: 02.06.2021)"
}

@misc{gin,
	title="gin-gonic/gin: Gin is a HTTP web framework written in Go (Golang). It features a Martini-like API with much better performance -- up to 40 times faster. If you need smashing performance, get yourself some Gin. [Электронный ресурс]",
	howpublished="Режим доступа: \url{https://github.com/gin-gonic/gin} (дата обращения: 02.06.2021)"
}

@misc{ginbench,
	title="gin-gonic/gin: Gin is a HTTP web framework written in Go (Golang). It features a Martini-like API with much better performance -- up to 40 times faster. If you need smashing performance, get yourself some Gin. [Электронный ресурс]",
	howpublished="Режим доступа: \url{https://github.com/gin-gonic/gin#benchmarks} (дата обращения: 02.06.2021)"
}

@misc{gotnt,
	title="tarantool/go-tarantool: Tarantool 1.6+ client for Go language [Электронный ресурс]",
	howpublished="Режим доступа: \url{https://github.com/tarantool/go-tarantool} (дата обращения: 02.06.2021)"
}

@misc{goch,
	title="mailru/dbr: Additions to Go database/sql for super fast performance and convenience. (fork of gocraft/dbr) [Электронный ресурс]",
	howpublished="Режим доступа: \url{https://github.com/mailru/dbr} (дата обращения: 02.06.2021)"
}

@misc{gomongo,
	title="mongodb/mongo-go-driver: The Go driver for MongoDB [Электронный ресурс]",
	howpublished="Режим доступа: \url{https://github.com/mongodb/mongo-go-driver} (дата обращения: 02.06.2021)"
}

@misc{docker,
	title="Empowering App Development for Developers | Docker [Электронный ресурс]",
	howpublished="Режим доступа: \url{https://www.docker.com/} (дата обращения: 02.06.2021)"
}